<?xml version='1.0' encoding='UTF-8'?>
<record xmlns="http://www.loc.gov/MARC21/slim">
  <leader>01725cam a2200409 a 4500</leader>
  <controlfield tag="001">212176</controlfield>
  <controlfield tag="003">NjP</controlfield>
  <controlfield tag="005">20170905101743.0</controlfield>
  <controlfield tag="008">840112r19701940ir            000 0 ara d</controlfield>
  <datafield tag="024" ind1="7" ind2=" ">
    <subfield code="a">princeton_aco002455</subfield>
    <subfield code="2">local</subfield>
  </datafield>
  <datafield ind1=" " ind2=" " tag="035">
    <subfield code="a">(OCoLC)ocn175565996</subfield>
  </datafield>
  <datafield ind1=" " ind2=" " tag="035">
    <subfield code="a">(OCoLC)82696340</subfield>
  </datafield>
  <datafield ind1=" " ind2=" " tag="035">
    <subfield code="a">212176</subfield>
  </datafield>
  <datafield ind1=" " ind2=" " tag="040">
    <subfield code="a">NjP</subfield>
    <subfield code="c">PUL</subfield>
    <subfield code="d">PUL</subfield>
  </datafield>
  <datafield ind1=" " ind2=" " tag="066">
    <subfield code="c">(3</subfield>
  </datafield>
  <datafield ind1=" " ind2=" " tag="035">
    <subfield code="a">(OCoLC)175565996</subfield>
  </datafield>
  <datafield ind1=" " ind2=" " tag="035">
    <subfield code="a">(CStRLIN)NJPG84-B1924</subfield>
  </datafield>
  <datafield ind1=" " ind2=" " tag="035">
    <subfield code="9">ABC7159TS</subfield>
  </datafield>
  <datafield ind1=" " ind2=" " tag="035">
    <subfield code="a">(NjP)212176</subfield>
  </datafield>
  <datafield ind1="1" ind2=" " tag="041">
    <subfield code="a">ara</subfield>
    <subfield code="h">tur</subfield>
  </datafield>
  <datafield ind1=" " ind2=" " tag="043">
    <subfield code="a">a-tu---</subfield>
  </datafield>
  <datafield ind1=" " ind2=" " tag="079">
    <subfield code="a">ocm82696340</subfield>
  </datafield>
  <datafield ind1=" " ind2=" " tag="049">
    <subfield code="a">PULL</subfield>
  </datafield>
  <datafield ind1="1" ind2=" " tag="100">
    <subfield code="6">880-01</subfield>
    <subfield code="a">Āl Kāshif al-Ghiṭāʼ, Muḥammad al-Ḥusayn,</subfield>
    <subfield code="d">1877-1954.</subfield>
  </datafield>
  <datafield ind1="1" ind2="0" tag="245">
    <subfield code="6">880-02</subfield>
    <subfield code="a">Taḥrīr al-majallah /</subfield>
    <subfield code="c">taʼlīf Muḥammad al-Ḥusayn Āl Kāshif al-Ghiṭāʼ.</subfield>
  </datafield>
  <datafield ind1=" " ind2=" " tag="260">
    <subfield code="6">880-03</subfield>
    <subfield code="a">Ṭihrān :</subfield>
    <subfield code="b">Maktabat al-Najāh ;</subfield>
    <subfield code="a">Qum :</subfield>
    <subfield code="b">Maktabat al-Fīrūzābādī,</subfield>
    <subfield code="c">[1390- i.e. 1970- ]</subfield>
  </datafield>
  <datafield ind1=" " ind2=" " tag="300">
    <subfield code="a">v. ;</subfield>
    <subfield code="c">25 cm.</subfield>
  </datafield>
  <datafield ind1=" " ind2=" " tag="534">
    <subfield code="p">Reprint. Originally published:</subfield>
    <subfield code="c">al-Najaf: al-Maktabah al-Murtaḍawīyah, 1359- .</subfield>
  </datafield>
  <datafield ind1=" " ind2="0" tag="650">
    <subfield code="a">Civil law</subfield>
    <subfield code="z">Turkey</subfield>
    <subfield code="x">History and criticism.</subfield>
  </datafield>
  <datafield ind1=" " ind2="0" tag="650">
    <subfield code="a">Civil law</subfield>
    <subfield code="z">Turkey.</subfield>
    <subfield code="0">http://id.loc.gov/authorities/subjects/sh2009120055</subfield>
  </datafield>
  <datafield ind1="1" ind2="2" tag="710">
    <subfield code="a">Turkey.</subfield>
    <subfield code="t">Laws, etc.</subfield>
    <subfield code="l">Arabic.</subfield>
    <subfield code="f">1970.</subfield>
    <subfield code="0">http://id.loc.gov/authorities/names/n80070818</subfield>
  </datafield>
  <datafield ind1="1" ind2=" " tag="880">
    <subfield code="6">100-01/(3/r</subfield>
    <subfield code="a">آل كاشف الغطاء، محمد الحسين،</subfield>
    <subfield code="d">1877-1954.</subfield>
  </datafield>
  <datafield ind1="1" ind2="0" tag="880">
    <subfield code="6">245-02/(3/r</subfield>
    <subfield code="a">تحرير المجلة /</subfield>
    <subfield code="c">تأليف محمد الحسين آل كاشف الغطاء.</subfield>
  </datafield>
  <datafield ind1=" " ind2=" " tag="880">
    <subfield code="6">260-03/(3/r</subfield>
    <subfield code="a">طهران :</subfield>
    <subfield code="b">مكتبة النجاه ؛</subfield>
    <subfield code="a">قم :</subfield>
    <subfield code="b">مكتبة الفيروزابادي،</subfield>
    <subfield code="c">[1390- i.e. 1970- ]</subfield>
  </datafield>
  <datafield ind1=" " ind2=" " tag="998">
    <subfield code="a">04/24/85</subfield>
    <subfield code="s">9118</subfield>
    <subfield code="n">NjP</subfield>
    <subfield code="w">NJPG84B1924</subfield>
    <subfield code="d">01/12/84</subfield>
    <subfield code="c">JCB</subfield>
    <subfield code="b">MT</subfield>
    <subfield code="i">850424</subfield>
    <subfield code="l">NJPG</subfield>
  </datafield>
  <datafield ind1=" " ind2=" " tag="911">
    <subfield code="a">19921028</subfield>
  </datafield>
  <datafield ind1=" " ind2=" " tag="912">
    <subfield code="a">19900822000000.0</subfield>
  </datafield>
  <datafield ind1=" " ind2=" " tag="994">
    <subfield code="a">C0</subfield>
    <subfield code="b">PUL</subfield>
  </datafield>
  <datafield ind1=" " ind2=" " tag="999">
    <subfield code="a">212176</subfield>
  </datafield>
  <datafield ind1="8" ind2="1" tag="852">
    <subfield code="0">233029</subfield>
    <subfield code="b">nec</subfield>
    <subfield code="t">1</subfield>
    <subfield code="h">KPA</subfield>
    <subfield code="i">.A365</subfield>
  </datafield>
  <datafield ind1=" " ind2="0" tag="866">
    <subfield code="0">233029</subfield>
    <subfield code="8">0</subfield>
    <subfield code="a">mujallad 1-2</subfield>
  </datafield>
  <datafield ind1=" " ind2="0" tag="866">
    <subfield code="0">233029</subfield>
    <subfield code="8">0</subfield>
    <subfield code="x">Add as: mujallad</subfield>
  </datafield>
  <datafield ind1=" " ind2=" " tag="959">
    <subfield code="a">2000-06-13 00:00:00 -0500</subfield>
  </datafield>
</record>
